@misc{du2023principled,
      title={Principled Gradient-based Markov Chain Monte Carlo for Text Generation}, 
      author={Li Du and Afra Amini and Lucas Torroba Hennigen and Xinyan Velocity Yu and Jason Eisner and Holden Lee and Ryan Cotterell},
      year={2023},
      eprint={2312.17710},
      archivePrefix={arXiv},
      primaryClass={cs.CL}
}

@incollection{Pred-structured-data,
    author = {LeCun, Yann and Chopra, Sumit and Hadsell, Raia and Ranzato, Marc'Aurelio and Huang, Fu Jie},
    isbn = {9780262255691},
    title = "{Energy-Based Models}",
    booktitle = "{Predicting Structured Data}",
    publisher = {The MIT Press},
    year = {2007},
    month = {07},
    doi = {10.7551/mitpress/7443.003.0014},
    url = {https://doi.org/10.7551/mitpress/7443.003.0014},
    eprint = {https://direct.mit.edu/book/chapter-pdf/2141625/9780262255691\_cam.pdf},
}

@misc{mucola,
      title={Gradient-Based Constrained Sampling from Language Models}, 
      author={Sachin Kumar and Biswajit Paria and Yulia Tsvetkov},
      year={2022},
      eprint={2205.12558},
      archivePrefix={arXiv},
      primaryClass={cs.CL}
}

@misc{cold,
      title={COLD Decoding: Energy-based Constrained Text Generation with Langevin Dynamics}, 
      author={Lianhui Qin and Sean Welleck and Daniel Khashabi and Yejin Choi},
      year={2022},
      eprint={2202.11705},
      archivePrefix={arXiv},
      primaryClass={cs.CL}
}